time,symbol,side,quantity,price,tag
2025-07-30 18:18:11.933426,MARK:C-BTC-106500-210525,SELL,0.1,0.0,entry
2025-07-30 18:18:11.933426,MARK:P-BTC-106500-210525,SELL,0.1,0.0,entry
2025-07-30 18:18:11.933426,MARK:C-BTC-107500-210525,BUY,0.1,0.0,exit
2025-07-30 18:18:11.933426,MARK:P-BTC-105500-210525,BUY,0.1,0.0,exit
2025-07-30 18:18:20.183695,MARK:C-BTC-106500-210525,BUY,0.1,11.561764910885,exit
2025-07-30 18:18:20.183695,MARK:P-BTC-106500-210525,BUY,0.1,11.561764910885,exit
2025-07-30 18:18:20.183695,MARK:C-BTC-107500-210525,SELL,0.1,11.559452789115,entry
2025-07-30 18:18:20.183695,MARK:P-BTC-105500-210525,SELL,0.1,11.559452789115,entry
2025-07-30 18:18:25.438958,MARK:C-BTC-111000-220525,SELL,0.1,0.09999000000000001,entry
2025-07-30 18:18:25.438958,MARK:P-BTC-111000-220525,SELL,0.1,220.249685468736,entry
2025-07-30 18:18:25.438958,MARK:C-BTC-113000-220525,BUY,0.1,0.10001,exit
2025-07-30 18:18:25.438958,MARK:P-BTC-109000-220525,BUY,0.1,0.10001,exit
2025-07-30 18:18:34.401898,MARK:C-BTC-111000-220525,BUY,0.1,5544.878435180278,exit
2025-07-30 18:18:34.401898,MARK:P-BTC-111000-220525,BUY,0.1,5544.878435180278,exit
2025-07-30 18:18:34.401898,MARK:C-BTC-113000-220525,SELL,0.1,5543.769570379723,entry
2025-07-30 18:18:34.401898,MARK:P-BTC-109000-220525,SELL,0.1,5543.769570379723,entry
2025-07-30 18:18:41.931908,MARK:C-BTC-111000-230525,SELL,0.1,0.09999000000000001,entry
2025-07-30 18:18:41.931908,MARK:P-BTC-111000-230525,SELL,0.1,760.069654023141,entry
2025-07-30 18:18:41.931908,MARK:C-BTC-113000-230525,BUY,0.1,0.10001,exit
2025-07-30 18:18:41.931908,MARK:P-BTC-109000-230525,BUY,0.1,0.10001,exit
2025-07-30 18:18:41.988627,MARK:C-BTC-111000-230525,BUY,0.1,0.10001,exit
2025-07-30 18:18:41.988627,MARK:P-BTC-111000-230525,BUY,0.1,760.2216831568591,exit
2025-07-30 18:18:41.988627,MARK:C-BTC-113000-230525,SELL,0.1,0.09999000000000001,entry
2025-07-30 18:18:41.988627,MARK:P-BTC-109000-230525,SELL,0.1,0.09999000000000001,entry
2025-07-30 18:18:51.400643,MARK:C-BTC-108000-240525,SELL,0.1,1310.173670679885,entry
2025-07-30 18:18:51.400643,MARK:P-BTC-108000-240525,SELL,0.1,0.09999000000000001,entry
2025-07-30 18:18:51.400643,MARK:C-BTC-109000-240525,BUY,0.1,310.33573162011504,exit
2025-07-30 18:18:51.400643,MARK:P-BTC-107000-240525,BUY,0.1,0.10001,exit
2025-07-30 18:19:01.371093,MARK:C-BTC-108000-240525,BUY,0.1,367.027018941991,exit
2025-07-30 18:19:01.371093,MARK:P-BTC-108000-240525,BUY,0.1,367.027018941991,exit
2025-07-30 18:19:01.371093,MARK:C-BTC-109000-240525,SELL,0.1,366.95362087800896,entry
2025-07-30 18:19:01.371093,MARK:P-BTC-107000-240525,SELL,0.1,366.95362087800896,entry
2025-07-30 18:19:07.232904,MARK:C-BTC-108000-250525,SELL,0.1,0.09999000000000001,entry
2025-07-30 18:19:07.232904,MARK:P-BTC-108000-250525,SELL,0.1,825.930318248046,entry
2025-07-30 18:19:07.232904,MARK:C-BTC-109000-250525,BUY,0.1,0.10001,exit
2025-07-30 18:19:07.233907,MARK:P-BTC-107000-250525,BUY,0.1,0.10001,exit
2025-07-30 18:19:20.654925,MARK:C-BTC-108000-250525,BUY,0.1,3321.775351990767,exit
2025-07-30 18:19:20.654925,MARK:P-BTC-108000-250525,BUY,0.1,3321.775351990767,exit
2025-07-30 18:19:20.654925,MARK:C-BTC-109000-250525,SELL,0.1,3321.111063349233,entry
2025-07-30 18:19:20.654925,MARK:P-BTC-107000-250525,SELL,0.1,3321.111063349233,entry
2025-07-30 18:19:27.889335,MARK:C-BTC-110000-260525,SELL,0.1,0.09999000000000001,entry
2025-07-30 18:19:27.889335,MARK:P-BTC-110000-260525,SELL,0.1,276.669291983832,entry
2025-07-30 18:19:27.889335,MARK:C-BTC-111000-260525,BUY,0.1,0.10001,exit
2025-07-30 18:19:27.889335,MARK:P-BTC-109000-260525,BUY,0.1,0.10001,exit
2025-07-30 18:19:35.817882,MARK:C-BTC-110000-260525,BUY,0.1,0.10001,exit
2025-07-30 18:19:35.817882,MARK:P-BTC-110000-260525,BUY,0.1,276.724631376168,exit
2025-07-30 18:19:35.817882,MARK:C-BTC-111000-260525,SELL,0.1,0.09999000000000001,entry
2025-07-30 18:19:35.817882,MARK:P-BTC-109000-260525,SELL,0.1,0.09999000000000001,entry
2025-07-30 18:19:50.294032,MARK:C-BTC-109000-270525,SELL,0.1,523.7358146606521,entry
2025-07-30 18:19:50.294032,MARK:P-BTC-109000-270525,SELL,0.1,0.09999000000000001,entry
2025-07-30 18:19:50.295034,MARK:C-BTC-110000-270525,BUY,0.1,0.10001,exit
2025-07-30 18:19:50.295034,MARK:P-BTC-108000-270525,BUY,0.1,0.10001,exit
2025-07-30 18:20:14.627646,MARK:C-BTC-109000-270525,BUY,0.1,11.376241760425,exit
2025-07-30 18:20:14.627646,MARK:P-BTC-109000-270525,BUY,0.1,11.376241760425,exit
2025-07-30 18:20:14.627646,MARK:C-BTC-110000-270525,SELL,0.1,11.373966739575,entry
2025-07-30 18:20:14.627646,MARK:P-BTC-108000-270525,SELL,0.1,11.373966739575,entry
2025-07-30 18:20:24.090127,MARK:C-BTC-109000-280525,SELL,0.1,0.09999000000000001,entry
2025-07-30 18:20:24.090127,MARK:P-BTC-109000-280525,SELL,0.1,184.077548254215,entry
2025-07-30 18:20:24.090127,MARK:C-BTC-110000-280525,BUY,0.1,0.10001,exit
2025-07-30 18:20:24.090127,MARK:P-BTC-108000-280525,BUY,0.1,0.10001,exit
2025-07-30 18:20:37.709111,MARK:C-BTC-109000-280525,BUY,0.1,0.10001,exit
2025-07-30 18:20:37.709111,MARK:P-BTC-109000-280525,BUY,0.1,184.11436744578498,exit
2025-07-30 18:20:37.709111,MARK:C-BTC-110000-280525,SELL,0.1,0.09999000000000001,entry
2025-07-30 18:20:37.709111,MARK:P-BTC-108000-280525,SELL,0.1,0.09999000000000001,entry
2025-07-30 18:20:52.995180,MARK:C-BTC-108000-290525,SELL,0.1,771.476038160652,entry
2025-07-30 18:20:52.995180,MARK:P-BTC-108000-290525,SELL,0.1,0.09999000000000001,entry
2025-07-30 18:20:52.995180,MARK:C-BTC-109000-290525,BUY,0.1,0.10001,exit
2025-07-30 18:20:52.995180,MARK:P-BTC-107000-290525,BUY,0.1,0.10001,exit
2025-07-30 18:21:06.135234,MARK:C-BTC-108000-290525,BUY,0.1,771.630348799348,exit
2025-07-30 18:21:06.135234,MARK:P-BTC-108000-290525,BUY,0.1,0.10001,exit
2025-07-30 18:21:06.135234,MARK:C-BTC-109000-290525,SELL,0.1,0.09999000000000001,entry
2025-07-30 18:21:06.135234,MARK:P-BTC-107000-290525,SELL,0.1,0.09999000000000001,entry
2025-07-30 18:21:13.363338,MARK:C-BTC-105500-300525,SELL,0.1,341.19165520222197,entry
2025-07-30 18:21:13.363338,MARK:P-BTC-105500-300525,SELL,0.1,0.09999000000000001,entry
2025-07-30 18:21:13.363338,MARK:C-BTC-106500-300525,BUY,0.1,0.10001,exit
2025-07-30 18:21:13.363338,MARK:P-BTC-104500-300525,BUY,0.1,0.10001,exit
2025-07-30 18:21:31.340224,MARK:C-BTC-105500-300525,BUY,0.1,207.580502414644,exit
2025-07-30 18:21:31.340224,MARK:P-BTC-105500-300525,BUY,0.1,207.580502414644,exit
2025-07-30 18:21:31.340224,MARK:C-BTC-106500-300525,SELL,0.1,207.538990465356,entry
2025-07-30 18:21:31.340224,MARK:P-BTC-104500-300525,SELL,0.1,207.538990465356,entry
2025-07-30 18:21:39.005663,MARK:C-BTC-104000-310525,SELL,0.1,0.09999000000000001,entry
2025-07-30 18:21:39.005663,MARK:P-BTC-104000-310525,SELL,0.1,523.387184787126,entry
2025-07-30 18:21:39.005663,MARK:C-BTC-106000-310525,BUY,0.1,0.10001,exit
2025-07-30 18:21:39.005663,MARK:P-BTC-102000-310525,BUY,0.1,0.10001,exit
2025-07-30 18:21:53.036564,MARK:C-BTC-104000-310525,BUY,0.1,557.0108215526039,exit
2025-07-30 18:21:53.036564,MARK:P-BTC-104000-310525,BUY,0.1,557.0108215526039,exit
2025-07-30 18:21:53.036564,MARK:C-BTC-106000-310525,SELL,0.1,556.899430527396,entry
2025-07-30 18:21:53.036564,MARK:P-BTC-102000-310525,SELL,0.1,556.899430527396,entry
2025-07-30 18:21:59.939743,MARK:C-BTC-104000-010625,SELL,0.1,84.473264468736,entry
2025-07-30 18:21:59.939743,MARK:P-BTC-104000-010625,SELL,0.1,0.09999000000000001,entry
2025-07-30 18:21:59.939743,MARK:C-BTC-106000-010625,BUY,0.1,0.10001,exit
2025-07-30 18:21:59.939743,MARK:P-BTC-102000-010625,BUY,0.1,0.10001,exit
2025-07-30 18:22:09.441521,MARK:C-BTC-104000-010625,BUY,0.1,149.344991125812,exit
2025-07-30 18:22:09.441521,MARK:P-BTC-104000-010625,BUY,0.1,149.344991125812,exit
2025-07-30 18:22:09.441521,MARK:C-BTC-106000-010625,SELL,0.1,149.315125114188,entry
2025-07-30 18:22:09.441521,MARK:P-BTC-102000-010625,SELL,0.1,149.315125114188,entry
2025-07-30 18:22:14.476517,MARK:C-BTC-105500-020625,SELL,0.1,0.0,entry
2025-07-30 18:22:14.476517,MARK:P-BTC-105500-020625,SELL,0.1,0.0,entry
2025-07-30 18:22:14.476517,MARK:C-BTC-106500-020625,BUY,0.1,0.0,exit
2025-07-30 18:22:14.476517,MARK:P-BTC-104500-020625,BUY,0.1,0.0,exit
2025-07-30 18:22:14.522422,MARK:C-BTC-105500-020625,BUY,0.1,1029.889053617501,exit
2025-07-30 18:22:14.522422,MARK:P-BTC-105500-020625,BUY,0.1,1029.889053617501,exit
2025-07-30 18:22:14.522422,MARK:C-BTC-106500-020625,SELL,0.1,1029.6830964024991,entry
2025-07-30 18:22:14.523429,MARK:P-BTC-104500-020625,SELL,0.1,1029.6830964024991,entry
2025-07-30 18:22:30.359359,MARK:C-BTC-105500-030625,SELL,0.1,0.0,entry
2025-07-30 18:22:30.359359,MARK:P-BTC-105500-030625,SELL,0.1,0.0,entry
2025-07-30 18:22:30.359359,MARK:C-BTC-106500-030625,BUY,0.1,0.0,exit
2025-07-30 18:22:30.359359,MARK:P-BTC-104500-030625,BUY,0.1,0.0,exit
2025-07-30 18:22:42.270250,MARK:C-BTC-105500-030625,BUY,0.1,3506.154901812138,exit
2025-07-30 18:22:42.270250,MARK:P-BTC-105500-030625,BUY,0.1,3506.154901812138,exit
2025-07-30 18:22:42.270250,MARK:C-BTC-106500-030625,SELL,0.1,3505.453740947862,entry
2025-07-30 18:22:42.270250,MARK:P-BTC-104500-030625,SELL,0.1,3505.453740947862,entry
2025-07-30 18:22:51.240276,MARK:C-BTC-105500-040625,SELL,0.1,0.0,entry
2025-07-30 18:22:51.240276,MARK:P-BTC-105500-040625,SELL,0.1,0.0,entry
2025-07-30 18:22:51.241276,MARK:C-BTC-106500-040625,BUY,0.1,0.0,exit
2025-07-30 18:22:51.241276,MARK:P-BTC-104500-040625,BUY,0.1,0.0,exit
2025-07-30 18:23:19.920156,MARK:C-BTC-105500-040625,BUY,0.1,10.347888035335,exit
2025-07-30 18:23:19.920156,MARK:P-BTC-105500-040625,BUY,0.1,10.347888035335,exit
2025-07-30 18:23:19.920156,MARK:C-BTC-106500-040625,SELL,0.1,10.345818664665,entry
2025-07-30 18:23:19.920156,MARK:P-BTC-104500-040625,SELL,0.1,10.345818664665,entry
2025-07-30 18:23:25.374859,MARK:C-BTC-104500-050625,SELL,0.1,318.710056356945,entry
2025-07-30 18:23:25.374859,MARK:P-BTC-104500-050625,SELL,0.1,0.09999000000000001,entry
2025-07-30 18:23:25.374859,MARK:C-BTC-105500-050625,BUY,0.1,0.10001,exit
2025-07-30 18:23:25.374859,MARK:P-BTC-103500-050625,BUY,0.1,0.10001,exit
2025-07-30 18:23:25.403036,MARK:C-BTC-104500-050625,BUY,0.1,318.773804743055,exit
2025-07-30 18:23:25.403036,MARK:P-BTC-104500-050625,BUY,0.1,0.10001,exit
2025-07-30 18:23:25.403036,MARK:C-BTC-105500-050625,SELL,0.1,0.09999000000000001,entry
2025-07-30 18:23:25.403036,MARK:P-BTC-103500-050625,SELL,0.1,0.09999000000000001,entry
2025-07-30 18:23:36.164140,MARK:C-BTC-103000-060625,SELL,0.1,847.4806438499611,entry
2025-07-30 18:23:36.164140,MARK:P-BTC-103000-060625,SELL,0.1,0.09999000000000001,entry
2025-07-30 18:23:36.164140,MARK:C-BTC-104000-060625,BUY,0.1,0.10001,exit
2025-07-30 18:23:36.164140,MARK:P-BTC-102000-060625,BUY,0.1,0.10001,exit
2025-07-30 18:23:46.754503,MARK:C-BTC-103000-060625,BUY,0.1,847.650156930039,exit
2025-07-30 18:23:46.754503,MARK:P-BTC-103000-060625,BUY,0.1,0.10001,exit
2025-07-30 18:23:46.754503,MARK:C-BTC-104000-060625,SELL,0.1,0.09999000000000001,entry
2025-07-30 18:23:46.754503,MARK:P-BTC-102000-060625,SELL,0.1,0.09999000000000001,entry
2025-07-30 18:23:57.869978,MARK:C-BTC-105000-070625,SELL,0.1,158.55663125114998,entry
2025-07-30 18:23:57.869978,MARK:P-BTC-105000-070625,SELL,0.1,0.09999000000000001,entry
2025-07-30 18:23:57.869978,MARK:C-BTC-106000-070625,BUY,0.1,0.10001,exit
2025-07-30 18:23:57.869978,MARK:P-BTC-104000-070625,BUY,0.1,0.10001,exit
2025-07-30 18:24:11.270389,MARK:C-BTC-105000-070625,BUY,0.1,1383.4362337803989,exit
2025-07-30 18:24:11.270389,MARK:P-BTC-105000-070625,BUY,0.1,1383.4362337803989,exit
2025-07-30 18:24:11.270389,MARK:C-BTC-106000-070625,SELL,0.1,1383.159574199601,entry
2025-07-30 18:24:11.270389,MARK:P-BTC-104000-070625,SELL,0.1,1383.159574199601,entry
2025-07-30 18:24:16.288171,MARK:C-BTC-105500-080625,SELL,0.1,132.238469270556,entry
2025-07-30 18:24:16.288171,MARK:P-BTC-105500-080625,SELL,0.1,0.09999000000000001,entry
2025-07-30 18:24:16.288171,MARK:C-BTC-106500-080625,BUY,0.1,0.10001,exit
2025-07-30 18:24:16.288171,MARK:P-BTC-104500-080625,BUY,0.1,0.10001,exit
2025-07-30 18:24:24.531139,MARK:C-BTC-105500-080625,BUY,0.1,25.586401724334,exit
2025-07-30 18:24:24.531139,MARK:P-BTC-105500-080625,BUY,0.1,25.586401724334,exit
2025-07-30 18:24:24.531139,MARK:C-BTC-106500-080625,SELL,0.1,25.581284955666003,entry
2025-07-30 18:24:24.531139,MARK:P-BTC-104500-080625,SELL,0.1,25.581284955666003,entry
2025-07-30 18:24:28.508307,MARK:C-BTC-106000-090625,SELL,0.1,1610.810952605019,entry
2025-07-30 18:24:28.508307,MARK:P-BTC-106000-090625,SELL,0.1,0.09999000000000001,entry
2025-07-30 18:24:28.508307,MARK:C-BTC-108000-090625,BUY,0.1,0.10001,exit
2025-07-30 18:24:28.508307,MARK:P-BTC-104000-090625,BUY,0.1,0.10001,exit
2025-07-30 18:24:28.542935,MARK:C-BTC-106000-090625,BUY,0.1,1611.133147014981,exit
2025-07-30 18:24:28.542935,MARK:P-BTC-106000-090625,BUY,0.1,0.10001,exit
2025-07-30 18:24:28.542935,MARK:C-BTC-108000-090625,SELL,0.1,0.09999000000000001,entry
2025-07-30 18:24:28.542935,MARK:P-BTC-104000-090625,SELL,0.1,0.09999000000000001,entry
2025-07-30 18:24:43.233716,MARK:C-BTC-109500-100625,SELL,0.1,0.0,entry
2025-07-30 18:24:43.234709,MARK:P-BTC-109500-100625,SELL,0.1,0.0,entry
2025-07-30 18:24:43.234709,MARK:C-BTC-110500-100625,BUY,0.1,0.0,exit
2025-07-30 18:24:43.234709,MARK:P-BTC-108500-100625,BUY,0.1,0.0,exit
2025-07-30 18:25:13.443467,MARK:C-BTC-109500-100625,BUY,0.1,1178.5108749935691,exit
2025-07-30 18:25:13.443467,MARK:P-BTC-109500-100625,BUY,0.1,1178.5108749935691,exit
2025-07-30 18:25:13.443467,MARK:C-BTC-110500-100625,SELL,0.1,1178.275196386431,entry
2025-07-30 18:25:13.443467,MARK:P-BTC-108500-100625,SELL,0.1,1178.275196386431,entry
2025-07-30 18:25:25.840678,MARK:C-BTC-109500-110625,SELL,0.1,0.0,entry
2025-07-30 18:25:25.840678,MARK:P-BTC-109500-110625,SELL,0.1,0.0,entry
2025-07-30 18:25:25.840678,MARK:C-BTC-110500-110625,BUY,0.1,0.0,exit
2025-07-30 18:25:25.840678,MARK:P-BTC-108500-110625,BUY,0.1,0.0,exit
2025-07-30 18:25:41.857895,MARK:C-BTC-109500-110625,BUY,0.1,20.47420131541,exit
2025-07-30 18:25:41.857895,MARK:P-BTC-109500-110625,BUY,0.1,20.47420131541,exit
2025-07-30 18:25:41.857895,MARK:C-BTC-110500-110625,SELL,0.1,20.470106884590002,entry
2025-07-30 18:25:41.857895,MARK:P-BTC-108500-110625,SELL,0.1,20.470106884590002,entry
2025-07-30 18:25:48.699194,MARK:C-BTC-108000-120625,SELL,0.1,0.09999000000000001,entry
2025-07-30 18:25:48.699194,MARK:P-BTC-108000-120625,SELL,0.1,951.142042953333,entry
2025-07-30 18:25:48.699194,MARK:C-BTC-109000-120625,BUY,0.1,0.10001,exit
2025-07-30 18:25:48.699194,MARK:P-BTC-107000-120625,BUY,0.1,0.10001,exit
2025-07-30 18:26:12.788660,MARK:C-BTC-108000-120625,BUY,0.1,10.399121138133,exit
2025-07-30 18:26:12.788660,MARK:P-BTC-108000-120625,BUY,0.1,10.399121138133,exit
2025-07-30 18:26:12.788660,MARK:C-BTC-109000-120625,SELL,0.1,10.397041521867001,entry
2025-07-30 18:26:12.788660,MARK:P-BTC-107000-120625,SELL,0.1,10.397041521867001,entry
2025-07-30 18:26:24.083568,MARK:C-BTC-104500-130625,SELL,0.1,356.331677438583,entry
2025-07-30 18:26:24.083568,MARK:P-BTC-104500-130625,SELL,0.1,0.09999000000000001,entry
2025-07-30 18:26:24.083568,MARK:C-BTC-105500-130625,BUY,0.1,0.10001,exit
2025-07-30 18:26:24.083568,MARK:P-BTC-103500-130625,BUY,0.1,0.10001,exit
2025-07-30 18:26:40.744404,MARK:C-BTC-104500-130625,BUY,0.1,2998.200746275618,exit
2025-07-30 18:26:40.744404,MARK:P-BTC-104500-130625,BUY,0.1,2998.200746275618,exit
2025-07-30 18:26:40.744404,MARK:C-BTC-105500-130625,SELL,0.1,2997.601166084382,entry
2025-07-30 18:26:40.744404,MARK:P-BTC-103500-130625,SELL,0.1,2997.601166084382,entry
2025-07-30 18:26:47.282787,MARK:C-BTC-105000-140625,SELL,0.1,27.493284886551,entry
2025-07-30 18:26:47.282787,MARK:P-BTC-105000-140625,SELL,0.1,0.09999000000000001,entry
2025-07-30 18:26:47.283777,MARK:C-BTC-107000-140625,BUY,0.1,0.10001,exit
2025-07-30 18:26:47.283777,MARK:P-BTC-103000-140625,BUY,0.1,0.10001,exit
2025-07-30 18:26:47.317778,MARK:C-BTC-105000-140625,BUY,0.1,27.498784093449,exit
2025-07-30 18:26:47.317778,MARK:P-BTC-105000-140625,BUY,0.1,0.10001,exit
2025-07-30 18:26:47.317778,MARK:C-BTC-107000-140625,SELL,0.1,0.09999000000000001,entry
2025-07-30 18:26:47.317778,MARK:P-BTC-103000-140625,SELL,0.1,0.09999000000000001,entry
2025-07-30 18:26:57.638590,MARK:C-BTC-105500-150625,SELL,0.1,0.0,entry
2025-07-30 18:26:57.638590,MARK:P-BTC-105500-150625,SELL,0.1,0.0,entry
2025-07-30 18:26:57.638590,MARK:C-BTC-106500-150625,BUY,0.1,0.0,exit
2025-07-30 18:26:57.638590,MARK:P-BTC-104500-150625,BUY,0.1,0.0,exit
2025-07-30 18:26:57.667091,MARK:C-BTC-105500-150625,BUY,0.1,2561.293146024232,exit
2025-07-30 18:26:57.667091,MARK:P-BTC-105500-150625,BUY,0.1,2561.293146024232,exit
2025-07-30 18:26:57.667091,MARK:C-BTC-106500-150625,SELL,0.1,2560.7809386157683,entry
2025-07-30 18:26:57.668106,MARK:P-BTC-104500-150625,SELL,0.1,2560.7809386157683,entry
2025-07-30 18:27:06.788960,MARK:C-BTC-106500-160625,SELL,0.1,0.0,entry
2025-07-30 18:27:06.788960,MARK:P-BTC-106500-160625,SELL,0.1,0.0,entry
2025-07-30 18:27:06.788960,MARK:C-BTC-108000-160625,BUY,0.1,0.10001,exit
2025-07-30 18:27:06.788960,MARK:P-BTC-105500-160625,BUY,0.1,0.0,exit
2025-07-30 18:27:06.830652,MARK:C-BTC-106500-160625,BUY,0.1,712.917021023645,exit
2025-07-30 18:27:06.830652,MARK:P-BTC-106500-160625,BUY,0.1,712.917021023645,exit
2025-07-30 18:27:06.830652,MARK:C-BTC-108000-160625,SELL,0.1,0.09999000000000001,entry
2025-07-30 18:27:06.830652,MARK:P-BTC-105500-160625,SELL,0.1,712.774451876355,entry
2025-07-30 18:27:26.296532,MARK:C-BTC-107000-170625,SELL,0.1,0.09999000000000001,entry
2025-07-30 18:27:26.296532,MARK:P-BTC-107000-170625,SELL,0.1,1420.995482020422,entry
2025-07-30 18:27:26.296532,MARK:C-BTC-108000-170625,BUY,0.1,0.10001,exit
2025-07-30 18:27:26.296532,MARK:P-BTC-106000-170625,BUY,0.1,421.179709539578,exit
2025-07-30 18:27:26.422058,MARK:C-BTC-107000-170625,BUY,0.1,0.10001,exit
2025-07-30 18:27:26.422058,MARK:P-BTC-107000-170625,BUY,0.1,1421.279709539578,exit
2025-07-30 18:27:26.422058,MARK:C-BTC-108000-170625,SELL,0.1,0.09999000000000001,entry
2025-07-30 18:27:26.422058,MARK:P-BTC-106000-170625,SELL,0.1,421.095482020422,entry
2025-07-30 18:27:49.480098,MARK:C-BTC-104500-180625,SELL,0.1,88.57260928325701,entry
2025-07-30 18:27:49.480098,MARK:P-BTC-104500-180625,SELL,0.1,0.09999000000000001,entry
2025-07-30 18:27:49.480098,MARK:C-BTC-105500-180625,BUY,0.1,0.10001,exit
2025-07-30 18:27:49.480098,MARK:P-BTC-103500-180625,BUY,0.1,0.10001,exit
2025-07-30 18:27:49.594757,MARK:C-BTC-104500-180625,BUY,0.1,88.590325576743,exit
2025-07-30 18:27:49.594757,MARK:P-BTC-104500-180625,BUY,0.1,0.10001,exit
2025-07-30 18:27:49.594757,MARK:C-BTC-105500-180625,SELL,0.1,0.09999000000000001,entry
2025-07-30 18:27:49.594757,MARK:P-BTC-103500-180625,SELL,0.1,0.09999000000000001,entry
2025-07-30 18:28:11.648833,MARK:C-BTC-105000-190625,SELL,0.1,0.09999000000000001,entry
2025-07-30 18:28:11.648833,MARK:P-BTC-105000-190625,SELL,0.1,228.33858723766198,entry
2025-07-30 18:28:11.649838,MARK:C-BTC-106000-190625,BUY,0.1,0.10001,exit
2025-07-30 18:28:11.649838,MARK:P-BTC-104000-190625,BUY,0.1,0.10001,exit
2025-07-30 18:28:11.746934,MARK:C-BTC-105000-190625,BUY,0.1,0.10001,exit
2025-07-30 18:28:11.746934,MARK:P-BTC-105000-190625,BUY,0.1,228.384259522338,exit
2025-07-30 18:28:11.746934,MARK:C-BTC-106000-190625,SELL,0.1,0.09999000000000001,entry
2025-07-30 18:28:11.746934,MARK:P-BTC-104000-190625,SELL,0.1,0.09999000000000001,entry
2025-07-30 18:28:34.770896,MARK:C-BTC-104500-200625,SELL,0.1,1437.688778053869,entry
2025-07-30 18:28:34.770896,MARK:P-BTC-104500-200625,SELL,0.1,0.09999000000000001,entry
2025-07-30 18:28:34.770896,MARK:C-BTC-105500-200625,BUY,0.1,437.876344566131,exit
2025-07-30 18:28:34.770896,MARK:P-BTC-103500-200625,BUY,0.1,0.10001,exit
2025-07-30 18:28:34.840448,MARK:C-BTC-104500-200625,BUY,0.1,1437.976344566131,exit
2025-07-30 18:28:34.840448,MARK:P-BTC-104500-200625,BUY,0.1,0.10001,exit
2025-07-30 18:28:34.840448,MARK:C-BTC-105500-200625,SELL,0.1,437.788778053869,entry
2025-07-30 18:28:34.840448,MARK:P-BTC-103500-200625,SELL,0.1,0.09999000000000001,entry
